% preambula prevzata z xampl.bib
@PREAMBLE{ "\newcommand{\noopsort}[1]{} "
        # "\newcommand{\printfirst}[2]{#1} "
        # "\newcommand{\singleletter}[1]{#1} "
        # "\newcommand{\switchargs}[2]{#2#1} " }

@Book{ GoosensM,
    author = "Michel Goossens",
    title = "The LaTeX graphics companion",
    year = "2008",
    address = "Upper Saddle River, New Jersey",
    publisher = "Addison-Wesley",
    isbn = "978-0-321-50892-8"
}

@Book{ OlsakP,
    author = "Petr Ol{\v{s}}{\'{a}}k",
    title = "Typografický systém \TeX",
    year = "2000",
    address = "Brno",
    publisher = "Konvoj",
    isbn = "80-85615-91-6"
}

@ONLINE{SvambM,
    author = "Michal {\v{S}}vamberg",
    title = "Jak na LaTeX: rejstřík balíkem index",
    publisher = "www.root.cz",
    url = "http://www.root.cz/clanky/jak-na-latex-rejstrik-balikem-index/",
    cited = "20.\,4.\,2015",
}

@ONLINE{TaraD,
    author = "Dario Taraborelli",
    title = "The Beauty of \LaTeX",
    publisher = "http://nitens.org/",
    url = "http://nitens.org/taraborelli/latex",
    cited = "20.\,4.\,2015",
}

@ONLINE{Peng,
    author = "Michal Ko{\v{c}}er and Pavel S{\'{y}}kora",
    title = "Ne příliš stručný úvod do systému \LaTeX",
    publisher = "www.penguin.cz/",
    url = "http://http://www.penguin.cz/~kocer/texty/lshort2e/lshort2e-cz.pdf",
    cited = "20.\,4.\,2015",
}

@ARTICLE{JBerry,
  author = "John Berry",
  title = "Typography",
  pages = "78--93",
  journal = "Graphis",
  year = "Mar. 2004",
  volume = "60",
  issn = "0017-3452"
}

@ARTICLE{Hausmann,
    author = "Raoul Hausmann and John Cullars",
    title = "Typography",
    journal = "Design Issues",
    year = "1. Okt. 1998",
    pages = "71--73",
    volume = "14",
    number = "3",
    issn = "0747-9360",
}

@PHDTHESIS{BunkaR,
  author = "Roman Bu{\v{n}}ka",
  title = "Možnosti grafiky a prezentace v systémech \TeX a \LaTeX",
  school = "Vysoké učení technické v Brně. Fakulta elektrotechniky a komunikačních technologií",
  year = "2007",
  type = "Bakalárska práca"
}

@PHDTHESIS{JanciK,
  author = "Kate{\v{r}} Jan{\v{c}}{\'{i}}kov{\'{a}}",
  title = "Česká typografie z konce 20. století: Problémy současné domácí typografie",
  school = "Vysoké učení technické v Brně. Fakulta výtvarných umění",
  year = "1998",
  type = "Diplomová práca"
}
